<?xml version="1.0" encoding="UTF-8"?><collection><record><leader>03714ntm a2200421 a 4500</leader><controlfield tag="001">005964407</controlfield><controlfield tag="003">MiAaHDL</controlfield><controlfield tag="005">20190719000000.0</controlfield><controlfield tag="006">m        d        </controlfield><controlfield tag="007">cr bn ---auaua</controlfield><controlfield tag="008">090317s17uu    xx            00| ||ara d</controlfield><datafield tag="035" ind1=" " ind2=" "><subfield code="a">(MiU)005964407</subfield></datafield><datafield tag="035" ind1=" " ind2=" "><subfield code="a">sdr-miu005964407</subfield></datafield><datafield tag="040" ind1=" " ind2=" "><subfield code="a">MiU</subfield><subfield code="c">MiU</subfield></datafield><datafield tag="043" ind1=" " ind2=" "><subfield code="a">n-us-mi</subfield></datafield><datafield tag="130" ind1="0" ind2=" "><subfield code="6">880-02</subfield><subfield code="a">Koran.</subfield><subfield code="p">Juzʼ XXI</subfield></datafield><datafield tag="245" ind1="1" ind2="3"><subfield code="6">880-03</subfield><subfield code="a">[al-Juzʼ al-ḥādī wa-al-ʻashrūn min al-Qurʼān,</subfield><subfield code="f">18th century?].</subfield></datafield><datafield tag="260" ind1=" " ind2=" "><subfield code="c">[17--?].</subfield></datafield><datafield tag="300" ind1=" " ind2=" "><subfield code="a">14 leaves :</subfield><subfield code="b">paper ;</subfield><subfield code="c">230 x 170 mm.</subfield></datafield><datafield tag="500" ind1=" " ind2=" "><subfield code="a">Shelfmark: Ann Arbor, University of Michigan, Special Collections Library, Isl. Ms. 2</subfield></datafield><datafield tag="500" ind1=" " ind2=" "><subfield code="a">Origin: Lacks dated colophon ; paper may suggest 18th century.</subfield></datafield><datafield tag="500" ind1=" " ind2=" "><subfield code="a">Former shelfmark: British Museum, London "No. 90. Kuran XXI."</subfield></datafield><datafield tag="500" ind1=" " ind2=" "><subfield code="a">Binding: Pasteboards covered in red leather ; Type II binding (with flap) ; board linings in paper, interior of envelope and fore edge flaps in blue silk ; upper and lower cover bear simple blind-tooled design of circles and lines along with border in a series of s-shaped stamps ; paper label on cover reads "الجزء احدى وعشرون ٢۱" ; sewn in magenta thread, four stations ; in fair condition with some abrasion, staining, and moisture damage ; upper cover detaching from textblock.</subfield></datafield><datafield tag="500" ind1=" " ind2=" "><subfield code="a">Support: European laid paper with chain lines running horizontally spaced 26 mm. apart and laid lines spaced roughly 10 laid lines per cm. ; watermarks include eagle, wings and legs spread, with "B G" below alternating with scrollwork or coat of arms with crown above and inside lion rampant (?) ; some ink and leather burn.</subfield></datafield><datafield tag="500" ind1=" " ind2=" "><subfield code="a">Decoration: Illuminated marginal rosette with vertical stalk accents marks the opening of this juzʼ ; textual dividers in the form of gold discs mark verse endings ; written area framed by a heavy gold band flanked with black fillets ; simple rectangular panels bear each sūrah heading in gold-framed cartouche ; empty tailpiece in the form of a roundel outlined in gold appears on fol.13b (p.26) ; text rubricated with sūrah headings, sigla (namely "ط" for "مطلق" to mark pauses), etc. in red.</subfield></datafield><datafield tag="500" ind1=" " ind2=" "><subfield code="a">Script: Naskh ; fine Ottoman hand (?) ; partially seriffed with tear-drop head serif on shafts for lām, ṭāʼ, etc. but not free-standing alif ; point of final nūn often joined to bowl ; slight effect of tilt to the left ; graceful but heavy line ; fully vocalized.</subfield></datafield><datafield tag="500" ind1=" " ind2=" "><subfield code="a">Layout: Written in 11 lines per page ; frame-ruled.</subfield></datafield><datafield tag="500" ind1=" " ind2=" "><subfield code="a">Collation: VII (14) ; final leaf left blank ; catchwords present ; pagination in pencil supplied during digitization.</subfield></datafield><datafield tag="500" ind1=" " ind2=" "><subfield code="a">Title supplied by cataloguer.</subfield></datafield><datafield tag="500" ind1=" " ind2=" "><subfield code="a">Ms. codex.</subfield></datafield><datafield tag="520" ind1="8" ind2=" "><subfield code="a">Fine copy of the twenty-first juzʼ of the Qurʼān which together with Isl. Ms. 3 forms part of a multi-volume muṣḥaf with each juzʼ bound in a single volume. As expected, opens with al-ʻAnkabūt verse 46 (29:46) and closes with al-Aḥzāb verse 30 (33:30).</subfield></datafield><datafield tag="538" ind1=" " ind2=" "><subfield code="a">Mode of access: Internet.</subfield></datafield><datafield tag="541" ind1=" " ind2=" "><subfield code="c">Purchase ;</subfield><subfield code="a">Acquired by purchase along with Abdul Hamid Collection (funds donated by Horace Rackham).</subfield><subfield code="d">1924.</subfield></datafield><datafield tag="546" ind1=" " ind2=" "><subfield code="a">Arabic.</subfield></datafield><datafield tag="561" ind1=" " ind2=" "><subfield code="a">Bookplate of British Museum, London on interior of upper cover, "No. 90. Kuran XXI." ; circular seal impression with figure of goat/gazelle in purple ink as well as inscription "249" in Western numerals on fol.1a (p.1).</subfield></datafield><datafield tag="650" ind1=" " ind2="0"><subfield code="a">Manuscripts, Arabic</subfield><subfield code="z">Michigan</subfield><subfield code="z">Ann Arbor.</subfield></datafield><datafield tag="773" ind1="0" ind2=" "><subfield code="a">Tiflis Collection.</subfield></datafield><datafield tag="880" ind1="1" ind2="2"><subfield code="6">245-03/</subfield><subfield code="a">[الجزء الحادي والعشرون من القرآن ,</subfield><subfield code="f">القرن 18م؟].</subfield></datafield><datafield tag="880" ind1="0" ind2=" "><subfield code="6">130-02/</subfield><subfield code="a">قرآن.</subfield><subfield code="p">جزء XXI</subfield></datafield><datafield tag="CID" ind1=" " ind2=" "><subfield code="a">005964407</subfield></datafield><datafield tag="DAT" ind1="0" ind2=" "><subfield code="a">20190719102633.0</subfield><subfield code="b">20190719000000.0</subfield></datafield><datafield tag="DAT" ind1="1" ind2=" "><subfield code="a">20190719090653.0</subfield><subfield code="b">2019-07-19T16:10:58Z</subfield></datafield><datafield tag="DAT" ind1="2" ind2=" "><subfield code="a">2015-10-02T18:00:03Z</subfield></datafield><datafield tag="CAT" ind1=" " ind2=" "><subfield code="a">SDR-MIU</subfield><subfield code="d">EX LIBRIS - ALEPH</subfield><subfield code="l">prepare.pl-004-008</subfield></datafield><datafield tag="FMT" ind1=" " ind2=" "><subfield code="a">BK</subfield></datafield><datafield tag="HOL" ind1=" " ind2=" "><subfield code="0">sdr-miu005964407</subfield><subfield code="a">MiU</subfield><subfield code="b">SDR</subfield><subfield code="c">MIU</subfield><subfield code="p">mdp.39015079104942</subfield><subfield code="s">MIU</subfield><subfield code="1">005964407</subfield></datafield><datafield tag="974" ind1=" " ind2=" "><subfield code="b">MIU</subfield><subfield code="c">MIU</subfield><subfield code="d">20190719</subfield><subfield code="s">lit-dlps-dc</subfield><subfield code="u">mdp.39015079104942</subfield><subfield code="y">1799</subfield><subfield code="r">pd</subfield><subfield code="q">bib</subfield><subfield code="t">non-US bib date1 &lt; 1879</subfield></datafield></record></collection>